<?xml version="1.0" encoding="UTF-8"?>
<collection xmlns:xsi="http://www.w3.org/2001/XMLSchema-instance" xsi:schemaLocation="http://www.loc.gov/MARC21/slim http://www.loc.gov/standards/marcxml/schema/MARC21slim.xsd" xmlns="http://www.loc.gov/MARC21/slim">
<record>
  <leader>00827cam a2200253 a 4500</leader>
  <controlfield tag="001">478229</controlfield>
  <controlfield tag="003">NNC</controlfield>
  <controlfield tag="005">20100302221940.0</controlfield>
  <controlfield tag="008">860603q19801986ir bf         000 0 arar </controlfield>
  <datafield tag="010" ind1=" " ind2=" ">
    <subfield code="a">   85174516/NE </subfield>
  </datafield>
  <datafield tag="035" ind1=" " ind2=" ">
    <subfield code="a">(OCoLC)13334641</subfield>
  </datafield>
  <datafield tag="035" ind1=" " ind2=" ">
    <subfield code="a">(OCoLC)ocm13334641</subfield>
  </datafield>
  <datafield tag="035" ind1=" " ind2=" ">
    <subfield code="a">(CStRLIN)NYCG86-B55600</subfield>
  </datafield>
  <datafield tag="035" ind1=" " ind2=" ">
    <subfield code="9">ACB8843CU</subfield>
  </datafield>
  <datafield tag="035" ind1=" " ind2=" ">
    <subfield code="a">(NNC)478229</subfield>
  </datafield>
  <datafield tag="040" ind1=" " ind2=" ">
    <subfield code="d">CStRLIN</subfield>
  </datafield>
  <datafield tag="043" ind1=" " ind2=" ">
    <subfield code="a">a-ir---</subfield>
    <subfield code="a">a-iq---</subfield>
  </datafield>
  <datafield tag="050" ind1="0" ind2=" ">
    <subfield code="a">DS318.85</subfield>
    <subfield code="b">.N39 1980z</subfield>
  </datafield>
  <datafield tag="090" ind1=" " ind2=" ">
    <subfield code="a">DS318.85</subfield>
    <subfield code="b">.N39 1980z</subfield>
  </datafield>
  <datafield tag="245" ind1="0" ind2="0">
    <subfield code="a">Naẓrah ilá ʻāmayn min al-ḥarb.</subfield>
  </datafield>
  <datafield tag="260" ind1=" " ind2=" ">
    <subfield code="a">[Teheran?] :</subfield>
    <subfield code="b">al-Maktab al-Siyāsī li-Ḥaras al-Thawrah al-Islāmīyah,</subfield>
    <subfield code="c">[198-]</subfield>
  </datafield>
  <datafield tag="300" ind1=" " ind2=" ">
    <subfield code="a">181 p., [1] leaf of plates :</subfield>
    <subfield code="b">map ;</subfield>
    <subfield code="c">21 cm.</subfield>
  </datafield>
  <datafield tag="650" ind1=" " ind2="0">
    <subfield code="a">Iran-Iraq War, 1980-1988.</subfield>
  </datafield>
  <datafield tag="710" ind1="2" ind2=" ">
    <subfield code="a">Sipāh-i Pāsdārān-i Inqilāb-i Islāmī (Iran).</subfield>
    <subfield code="b">Daftar-i Siyāsī.</subfield>
  </datafield>
  <datafield tag="955" ind1=" " ind2=" ">
    <subfield code="b">CU57615756</subfield>
    <subfield code="d">off,leh</subfield>
    <subfield code="e">DS318.85 .N39 1980z</subfield>
  </datafield>
</record>
</collection>